ISA*00*          *00*          *ZZ*AAAA           *ZZ*BBBB           *050607*1650*U*00401*000296231*1*P*:~
GS*RA*AAAA*BBBB*20050215*0000*962310001*X*004010X061A1~
ST*820*0001~
BPR*I*3000*C*ACH*CCP*01*999999999*DA*9999999*1383399999**01*999999999*DA*9999999*20050217~
TRN*3*999999999*1383399999~
REF*14*383399999~
N1*PE*BBBB*FI*383399999~
N1*PR*AAAA*FI*383399999~
ENT*11*2J*EI*13314999~
NM1*QE*1~
RMR*AZ*5038561705**1000*0~
DTM*582****RD8*20040901-20040930~
ENT*13*2J*EI*15776068~
NM1*QE*1~
RMR*AZ*5038561800**2000*0~
DTM*582****RD8*20060801-20060831~
SE*15*0001~
GE*1*962310001~
IEA*1*000296231~
