ISA*00*          *00*          *ZZ*383319999      *ZZ*382999999      *090220*1816*U*00401*000003447*1*P*:~
GS*HP*383319999*382999999*20090220*1816*3444*X*004010X091A1~
ST*835*40731~
BPR*I*5950.21*C*CHK************20090220~
TRN*1*0004926*1382999999~
DTM*405*20090209~
N1*PR*Payer 1~
N3*123 Elm~
N4*Nowhere*MI*49000~
N1*PE*Provider 1*FI*382999999~
N3*456 Oak~
N4*Nowhere*MI*49000~
LX*1~
CLP*123839-24635*22*-310*-210*0*HM*6363451~
NM1*QC*1*Flintstone*Fred****34*373899999~
AMT*AU*580~
SVC*HC:T1017*-310*-210**6~
DTM*150*20080111~
CAS*CR*45*-100~
REF*G1*20540~
CLP*123839-24635*1*300*200*0*HM*6363451~
NM1*QC*1*Flintstone*Fred****34*373899999~
AMT*AU*590~
SVC*HC:T1017*300*200**6~
DTM*150*20080111~
CAS*CR*45*100~
REF*G1*20540~
CLP*134158-27488*22*-500.25*-500.25*0*HM*6397645~
NM1*QC*1*Rubble*Barney****34*376899999~
AMT*AU*595~
SVC*HC:T1017:TG*-500.25*-500.25**6~
DTM*150*20080402~
REF*G1*20908~
PLB*382999999*20090930*CS*-1008.1*CS*24.21*CS*5.95~
SE*33*40731~
GE*1*3444~
IEA*1*000003447~
