ISA*00*          *00*          *ZZ*D00000         *ZZ*00AA           *141028*1609*^*00501*000238388*1*P*:~
GS*HP*D00111*00GR*20141028*1609*383880001*X*005010X221A1~
ST*835*0001~
BPR*H*0*C*NON************20041028~
TRN*1*000000000*1386000134~
REF*EV*00GR~
DTM*405*20130901~
N1*PR*PAYER~
N3*P.O. BOX 30479~
N4*LANSING*MI*48909~
PER*BL*JOHN WAYNE*TE*9995551212~
N1*PE*UNKNOWN*FI*444313000~
LX*1~
TS3*653423424*12*20041231*1*915.39~
CLP*2005555A*4*915.39*0**MC*4276512332~
NM1*QC*1*BACH*JOHANN*S***MR*00001612~
NM1*82*2*PAYEE*****MC*44452736~
SVC*HC:T1005*500.04*0**68~
DTM*150*20031129~
DTM*151*20031129~
CAS*CO*16*500.04~
LQ*HE*N14~
SVC*HC:T1005*127.8*0**16~
DTM*150*20031030~
DTM*151*20031030~
CAS*OA*A7*127.8~
LQ*HE*N14~
SVC*HC:T1005*287.55*0**36~
DTM*150*20031031~
DTM*151*20031031~
CAS*OA*A7*287.55~
LQ*HE*N14~
SE*31*0001~
GE*1*383880001~
IEA*1*000238388~
